@misc{HH:2017,
  author = {Hack Harassment},
  title = {#Hack Harassment},
  year = {2017},
  howpublished = {\url{https://www.hackharassment.com/}},
 }

@inproceedings{Bastidas:2016,
  author    = {Bastidas, A., Dixon, E., Loo, C., & Ryan, J.},
  title     = {Harassment detection: a benchmark on the #HackHarassment dataset.},
  booktitle = {Proceedings of the Collaborative European Research Conference (CERC 2016), Cork},
  pages     = {76-79},
  year      = {2016}
}

@misc{Bayzick:2011,
  title = {Detecting the Presence of Cyberbullying
Using Computer Software},
  author = {Bayzick, J., Kontostathis, A., & Edwards, L.},
  year = {2011}
}

@misc{Bojanowski:2016,
  title = {Enriching Word Vectors with Subword Information.},
  author = {Bojanowski, P., Grave, E., Joulin, A., and
Mikolov, T.},
  month = {July},
  year = {2016},
  howpublished = {\url{arXiv.org}}
}
 
@misc{Hosseini:2017,
  title = {Deceiving Google's Perspective API Built for Detecting Toxic Comments.},
  author = {Hosseini, H., Kannan, S., Zhang, B., & Poovendran, R.},
  month = {February},
  year = {2017},
  howpublished = {\url{arXiv.org}}
}

@misc{Hart:2016,
  title = {TwitterClassifier},
  author = {Hart, M.},
  year = {2016},
  howpublished = {\url{https://github.com/HackHarassment/TwitterClassifier}}
}

@misc{Joulin:2016,
  title = {Bag of Tricks for Efficient Text Classification.},
  author = {Joulin, A., Grave, E., Bojanowski, P., and
Mikolov. T.},
  month = {August},
  year = {2016},
  howpublished = {\url{arXiv.org}}
}

@inproceedings{Nobata:2016a,
  author = {Nobata, Chikashi and Tetreault, Joel and Thomas, Achint and Mehdad, Yashar and Chang, Yi},
  title = {Abusive Language Detection in Online User Content},
  booktitle = {Proceedings of the 25th International Conference on World Wide Web},
  series = {WWW '16},
  year = {2016},
  isbn = {978-1-4503-4143-1},
  location = {Montr\&\#233;al, Qu\&\#233;bec, Canada},
  pages = {145--153},
  numpages = {9},
  url = {http://dx.doi.org/10.1145/2872427.2883062},
  doi = {10.1145/2872427.2883062},
  acmid = {2883062},
  publisher = {International World Wide Web Conferences Steering Committee},
  address = {Republic and Canton of Geneva, Switzerland},
  keywords = {abusive language, discourse classification, hate speech, natural language processing, nlp, stylistic classification},
} 

@inproceedings{Nobata:2016b,
  title = {Abusive Language Detection in Online User Content.},
  author    = {Nobata, C., Tetreault, J., Thomas, A., Mehdad,
Y., & Chang, Y.},
  booktitle = {International World Wide Web
Conferences Steering Committee.},
  pages = {145-153},
  year = {2016},
  howpublished = {\url{
http://doi.org/10.1145/2872427.2883062}}
}

@article{Pedregosa:2011,
  author = {Pedregosa, F., Varoquaux, G., Gramfort, A.,
Michel, V., Thirion, B., Grisel, O., et al.},
  title = { Scikit-learn: Machine Learning in Python.},
  journal = {Journal of Machine Learning Research},
  volume = {12},
  pages = {145-153},
  year = {2011}
}

@misc{Radford:2017,
  title = { Learning to Generate Reviews
and Discovering Sentiment.},
  author = {Radford, A., Jozefowicz, R., & Sutskever, I.},
  month = {April},
  year = {2017}
}

@inproceedings{Reynolds:2011,
  title = {Using Machine Learning to Detect
Cyberbullying},
  author = {Reynolds, K., Kontostathis, A., & Edwards, L.},
  booktitle = {Presented at the 2011 Tenth International Conference on Machine Learning and Applications
(ICMLA 2011), IEEE.},
  pages = {241-244},
  year = {2011},
  howpublished = {\url{
http://doi.org/10.1109/ICMLA.2011.152}}
}

@inproceedings {Ross:2016,
  author    = {Ross, Bj{\"o}rn and Rist, Michael and Carbonell, Guillermo and Cabrera, Benjamin and Kurowsky, Nils and Wojatzki, Michael},
  title     = {{Measuring the Reliability of Hate Speech Annotations: The Case of the European Refugee Crisis}},
  booktitle = {Proceedings of NLP4CMC III: 3rd Workshop on Natural Language Processing for Computer-Mediated Communication},
  year      = {2016},
  editor    = {Bei{\ss}wenger, Michael and Wojatzki, Michael and Zesch, Torsten},
  volume    = {17},
  series    = {Bochumer Linguistische Arbeitsberichte},
  pages     = {6-9},
  address   = {Bochum},
  month     = {sep}
}

@article{van der Walt:2011,
  author = {van der Walt, S., Colbert, S. C., & Varoquaux,
G. (n.d.).},
  title = { The NumPy Array: A Structure for Efficient Numerical Computation.},
  journal = {Computing in Science & Engineering},
  volume = {13},
  number = {2},
  pages = {22-30},
  year = {2011}
}

@InProceedings{Waseem:2016,
  author    = {Waseem, Zeerak},
  title     = {Are You a Racist or Am I Seeing Things? Annotator Influence on Hate Speech Detection on Twitter},
  booktitle = {Proceedings of the First Workshop on NLP and Computational Social Science},
  month     = {November},
  year      = {2016},
  address   = {Austin, Texas},
  publisher = {Association for Computational Linguistics},
  pages     = {138--142},
  url       = {http://aclweb.org/anthology/W16-5618}
}

@InProceedings{Waseem-hovy:2016,
  author    = {Waseem, Zeerak  and  Hovy, Dirk},
  title     = {Hateful Symbols or Hateful People? Predictive Features for Hate Speech Detection on Twitter},
  booktitle = {Proceedings of the NAACL Student Research Workshop},
  month     = {June},
  year      = {2016},
  address   = {San Diego, California},
  publisher = {Association for Computational Linguistics}
}

@misc{Webscope:2017,
  title = {Webscope},
  author = {Webscope},
  year = {2017},
  howpublished = {\url{https://webscope.sandbox.yahoo.com/}}
}

@misc{Wulczyn:2017,
  title = {Algorithms And Insults: Scaling Up Our Understanding Of Harassment On Wikipedia.},
  author = {Wulczyn, E., Taraborelli, D., Thain, N., & Dixon, L},
  year = {2017},
  howpublished = {\url https://medium.com/jigsaw/algorithms-and-insults-scaling-up-ourunderstanding-of-harassment-on-wikipedia-6cc417b9f7ff}}
}

Wulczyn, E., Taraborelli, D., Thain, N., &
Dixon, L. (2017, February 7). Algorithms
And Insults: Scaling Up Our Understanding
Of Harassment On Wikipedia. Retrieved
April 1, 2017, from https://medium.com/jigsaw/algorithms-and-insults-scaling-up-ourunderstanding-of-harassment-on-wikipedia-
6cc417b9f7ff

@article{Wulczyn:2016,
  author    = {Ellery Wulczyn and
              Nithum Thain and
              Lucas Dixon},
  title     = {Ex Machina: Personal Attacks Seen at Scale},
  journal   = {CoRR},
  volume    = {abs/1610.08914},
  year      = {2016},
  url       = {http://arxiv.org/abs/1610.08914},
  timestamp = {Wed, 02 Nov 2016 09:51:26 +0100},
  biburl    = {http://dblp.uni-trier.de/rec/bib/journals/corr/WulczynTD16},
  bibsource = {dblp computer science bibliography, http://dblp.org}
}

@book{Aho:72,
    author  = {Alfred V. Aho and Jeffrey D. Ullman},
    title   = {The Theory of Parsing, Translation and Compiling},
    year    = "1972",
    volume  = "1",
    publisher = {Prentice-Hall},
    address = {Englewood Cliffs, NJ}
}

@book{APA:83,
    author  = {{American Psychological Association}},
    title   = {Publications Manual},
    year    = "1983",
   publisher = {American Psychological Association},
   address = {Washington, DC}
}

@article{ACM:83,
	author = {Association for Computing Machinery},
	year = "1983",
	journal = {Computing Reviews},
	volume = "24",
	number = "11",
	pages = "503--512"
}

@article{Chandra:81,
	author = {Ashok K. Chandra and Dexter C. Kozen and Larry J. Stockmeyer},
	year = "1981",
	title = {Alternation},
	journal = {Journal of the Association for Computing Machinery},
	volume = "28",
	number = "1",
	pages = "114--133",
	doi = "10.1145/322234.322243",
}

@book{Gusfield:97,
    author  = {Dan Gusfield},
    title   = {Algorithms on Strings, Trees and Sequences},
    year    = "1997",
    publisher = {Cambridge University Press},
    address = {Cambridge, UK}
}

@InProceedings{P16-1001,
  author =	"Goodman, James
  	 and Vlachos, Andreas
	     and Naradowsky, Jason",
  title =    "Noise reduction and targeted exploration in imitation learning for      Abstract Meaning Representation parsing    ",
  booktitle = 	    "Proceedings of the 54th Annual Meeting of the Association for      Computational Linguistics (Volume 1: Long Papers)    ",
  year =    "2016",
  publisher =	"Association for Computational Linguistics",
  pages =   "1--11",
  location =	"Berlin, Germany",
  doi =    "10.18653/v1/P16-1001",
  url =    "http://aclweb.org/anthology/P16-1001"
}

@InProceedings{C14-1001,
  author =	"Harper, Mary",
  title = 	"Learning from 26 Languages: Program Management and Science in the Babel Program",
  booktitle = 	"Proceedings of COLING 2014, the 25th International Conference on Computational Linguistics: Technical Papers",
  year =    "2014",
  publisher =	"Dublin City University and Association for Computational Linguistics",
  pages =   "1",
  location =	"Dublin, Ireland",
  url =    "http://aclweb.org/anthology/C14-1001"
}
